@online{cisco,
title = {Cisco website},
url= {http://www.cisco.com/c/m/en_us/solutions/service-provider/vni-forecasthighlights.html},
urldate = {July, 2016}
}
@online {networkcomputing, 
title= {Network Computing},
url= {http://www.networkcomputing.com/networking/wi-fi-rule-enterprise-networks-predicts-new-report/429494381}
urldate = {July, 2016}
}
@online{capwap,
title={Current Status and Overview of the CAPWAP Protocol},
url={http://www.cse.wustl.edu/~jain/cse574-10/ftp/capwap/},
urldate = {July, 2016}
}
@online{c3850,
title={Cisco Catalyst 3850 Deployment Guide},
url={http://www.cisco.com/c/en/us/products/collateral/switches/catalyst-3850-series-switches/deployment_guide_c07-727067.html},
urldate = {July, 2016}
}
@online{polaris,
title={Cisco Polaris seminar},
url={http://www.cisco.com/assets/global/DK/seminarer/pdfs/Polaris.pdf},
urldate = {July, 2016}
}
@online{prime-assurance,
title={Cisco Prime Assurance Manager Data Sheet},
url={http://www.cisco.com/c/en/us/products/collateral/cloud-systemsmanagement/prime-assurance-manager-1-1/data_sheet_c78-
695345.html?referring_site=RE&pos=1},
urldate = {July, 2016}
}

@book{cheng2007automating,
  title={Automating cross-layer diagnosis of enterprise wireless networks},
  author={Cheng, Yu-Chung and Afanasyev, Mikhail and Verkaik, Patrick and Benk{\"o}, P{\'e}ter and Chiang, Jennifer and Snoeren, Alex C and Savage, Stefan and Voelker, Geoffrey M},
  volume={37},
  number={4},
  year={2007},
  publisher={ACM}
}
@inproceedings{chandra2006wifiprofiler,
  title={WiFiProfiler: cooperative diagnosis in wireless LANs},
  author={Chandra, Ranveer and Padmanabhan, Venkata N and Zhang, Ming},
  booktitle={Proceedings of the 4th international conference on Mobile systems, applications and services},
  pages={205--219},
  year={2006},
  organization={ACM}
}
@inproceedings{bahl2005dair,
  title={DAIR: A framework for managing enterprise wireless networks using desktop infrastructure},
  author={Bahl, Paramvir and Padhye, Jitendra and Ravindranath, Lenin and Singh, Manpreet and Wolman, Alec and Zill, Brian},
  year={2005},
  organization={HotNets}
}
@inproceedings{ahmed2007machine,
  title={Machine learning approaches to network anomaly detection},
  author={Ahmed, Tarem and Oreshkin, Boris and Coates, Mark},
  booktitle={Proceedings of the 2nd USENIX workshop on Tackling computer systems problems with machine learning techniques},
  pages={1--6},
  year={2007},
  organization={USENIX Association}
}
@inproceedings{sommer2010outside,
  title={Outside the closed world: On using machine learning for network intrusion detection},
  author={Sommer, Robin and Paxson, Vern},
  booktitle={2010 IEEE symposium on security and privacy},
  pages={305--316},
  year={2010},
  organization={IEEE}
}
@article{li2013automatic,
  title={Automatic Log Analysis using Machine Learning: Awesome Automatic Log Analysis version 2.0},
  author={Li, Weixi},
  year={2013}
}
@inproceedings{xu2010experience,
  title={Experience Mining Google's Production Console Logs.},
  author={Xu, Wei and Huang, Ling and Jordan, Michael I},
  booktitle={SLAML},
  year={2010}
}
@article{li2010integrated,
  title={An integrated data-driven framework for computing system management},
  author={Li, Tao and Peng, Wei and Perng, Charles and Ma, Sheng and Wang, Haixun},
  journal={IEEE Transactions on Systems, Man, and Cybernetics-Part A: Systems and Humans},
  volume={40},
  number={1},
  pages={90--99},
  year={2010},
  publisher={IEEE}
}
@book{hellerstein2000mining,
  title={Mining event data for actionable patterns},
  author={Hellerstein, Joseph L and Ma, Sheng},
  year={2000},
  publisher={IBM Thomas J. Watson Research Division}
}
@inproceedings{fournier2010cmrules,
  title={CMRULES: An Efficient Algorithm for Mining Sequential Rules Common to Several Sequences.},
  author={Fournier-Viger, Philippe and Faghihi, Usef and Nkambou, Roger and Nguifo, Engelbert Mephu},
  booktitle={FLAIRS Conference},
  year={2010}
}
@inproceedings{ng1998exploratory,
  title={Exploratory mining and pruning optimizations of constrained associations rules},
  author={Ng, Raymond T and Lakshmanan, Laks VS and Han, Jiawei and Pang, Alex},
  booktitle={ACM Sigmod Record},
  volume={27},
  number={2},
  pages={13--24},
  year={1998},
  organization={ACM}
}
@article{lakshmanan2003efficient,
  title={Efficient dynamic mining of constrained frequent sets},
  author={Lakshmanan, Laks VS and Leung, Carson Kai-Sang and Ng, Raymond T},
  journal={ACM Transactions on Database Systems (TODS)},
  volume={28},
  number={4},
  pages={337--389},
  year={2003},
  publisher={ACM}
}
@article{hipp2000algorithms,
  title={Algorithms for association rule miningâ€”a general survey and comparison},
  author={Hipp, Jochen and G{\"u}ntzer, Ulrich and Nakhaeizadeh, Gholamreza},
  journal={ACM sigkdd explorations newsletter},
  volume={2},
  number={1},
  pages={58--64},
  year={2000},
  publisher={ACM}
}
@article{xiong2006hyperclique,
  title={Hyperclique pattern discovery},
  author={Xiong, Hui and Tan, Pang-Ning and Kumar, Vipin},
  journal={Data Mining and Knowledge Discovery},
  volume={13},
  number={2},
  pages={219--242},
  year={2006},
  publisher={Springer}
}
@article{xing2010brief,
  title={A brief survey on sequence classification},
  author={Xing, Zhengzheng and Pei, Jian and Keogh, Eamonn},
  journal={ACM SIGKDD Explorations Newsletter},
  volume={12},
  number={1},
  pages={40--48},
  year={2010},
  publisher={ACM}
}
@book{tan2006introduction,
  title={Introduction to data mining},
  author={Tan, Pang-Ning et al.},
  year={2006},
  publisher={Pearson Education}
}
@article{classImbalance,
  title={The class imbalance problem: A systematic study},
  author={Japkowicz, Nathalie and Stephen, Shaju},
  journal={Intelligent data analysis},
  volume={6},
  number={5},
  pages={429--449},
  year={2002},
  publisher={IOS Press}
}
%[17] "Corporate Imbalance Problem," 30 August 2013. [Online]. Available:
%http://www.chioka.in/class-imbalance-problem/. [Accessed July 2016].
%[18] Cisco Systems, Inc.., "Cisco Press," 31 October 2003. [Online]. Available:
%http://www.ciscopress.com/articles/article.asp?p=101658&seqNum=3.
%[Accessed July 2016].
%[19] "Manage Engine," [Online]. Available:
%https://www.manageengine.com/products/eventlog/. [Accessed July 2016].
%[20] "TechNet," Microsoft, [Online]. Available: https://technet.microsoft.com/enus/scriptcenter/dd919274.aspx.
%[Accessed July 2016].
%[21] J. Geier, "Cisco Press," Cisco Industry, Inc., 15 June 2015. [Online]. Available:
%http://www.ciscopress.com/articles/article.asp?p=2351131. [Accessed July
%2016].
%[22] "FAQs," March 1997. [Online]. Available:
%http://www.faqs.org/rfcs/rfc2131.html. [Accessed Jully 2016].

@article{sparck1972statistical,
  title={A statistical interpretation of term specificity and its application in retrieval},
  author={Sparck Jones, Karen},
  journal={Journal of documentation},
  volume={28},
  number={1},
  pages={11--21},
  year={1972},
  publisher={MCB UP Ltd}
}
@online{dataMiningBlog,
 title={Data Mining Blog},
url={http://www.dataminingblog.com/standardization-vs-normalization/}
}
@online{dimensionality,
 title={Dimensionality Reduction},
 url={http://www.stat.washington.edu/courses/stat539/spring14/Resources/tutorial_nonlin-dim-red.pdf}
}
@inproceedings{kuksa2012generalized,
  title={Generalized Similarity Kernels for Efficient Sequence Classification.},
  author={Kuksa, Pavel P and Khan, Imdadullah and Pavlovic, Vladimir},
  booktitle={SDM},
  pages={873--882},
  year={2012},
  organization={SIAM}
}
@inproceedings{ester1996density,
  title={A density-based algorithm for discovering clusters in large spatial databases with noise.},
  author={Ester, Martin and Kriegel, Hans-Peter and Sander, J{\"o}rg and Xu, Xiaowei and others},
  booktitle={Kdd},
  volume={96},
  number={34},
  pages={226--231},
  year={1996}
}

%[35] "Secweb," [Online]. Available:
%https://secweb.cs.odu.edu/~zeil/cs361/web/website/Lectures/styles/pages/edi
%tdistance.html. [Accessed July 2016].
%[36] "Minimum Edit Distnce," [Online]. Available:
%https://web.stanford.edu/class/cs124/lec/med.pdf. [Accessed July 2016].
%[37] "DELL," 5 August 2015. [Online]. Available:
%https://documents.software.dell.com/statistics/textbook/multidimensionalscaling.
%[Accessed July 2016].
%Bibliography 54

%[39] Most cited data mining articles according to Microsoft academic search;
%DBSCAN is on rank 24, when accessed on: 4/18/2010
%[40] J. Gao, "Buffalo," 2012. [Online]. Available:
%http://www.cse.buffalo.edu/~jing/cse601/fa12/materials/clustering_density.pd
%f. [Accessed July 2016].
%[41] "Minitab," [Online]. Available: http://support.minitab.com/enus/minitab/17/topic-library/modeling-statistics/multivariate/principalcomponents-and-factor-analysis/number-of-principal-components/.
%[Accessed
%July 2016
